@booklet{lshort,
	Title = {The Not So Short Introduction to {\LaTeX2e}},
	Author = {Tobias Oetiker and Hubert Partl and Irene Hyna and Elisabeth Schlegl},
	Howpublished = {\url{http://tobi.oetiker.ch/lshort/lshort.pdf}},
	Month = apr,
	Year = {2011},
	Url = {http://tobi.oetiker.ch/lshort/lshort.pdf},
	Date-Added = {2011-11-02 19:53:43 +0000},
	Date-Modified = {2011-11-02 19:57:46 +0000}}
